%% This BibTeX bibliography file was created using BibDesk.
%% http://bibdesk.sourceforge.net/


%% Created for Aggelos Kiayias at 2018-02-17 08:46:33 +0000


%% Saved with string encoding Unicode (UTF-8)


@misc{praosUCmanuscript,
	Author = {Christian Badertscher and Peter Ga{\v z}i and Aggelos Kiayias
          and Alexander Russell and Vassilis Zikas},
	Title = {Composable Proof-of-Stake Blockchains with Dynamic Availability},
	Howpublished = {Manuscript},
	Year = 2018
}


@article{ouroboros-eprint,
	Author = {Aggelos Kiayias and Alexander Russell and Bernardo David and Roman Oliynykov},
	Bibsource = {dblp computer science bibliography, http://dblp.org},
	Biburl = {http://dblp.org/rec/bib/journals/iacr/KiayiasKRDO16},
	Date-Added = {2018-02-17 08:46:12 +0000},
	Date-Modified = {2018-02-17 08:46:32 +0000},
	Journal = {{IACR} Cryptology ePrint Archive},
	Pages = {889},
	Timestamp = {Thu, 08 Jun 2017 14:26:37 +0200},
	Title = {A Provably Secure Proof-of-Stake Blockchain Protocol},
	Url = {http://eprint.iacr.org/2016/889},
	Volume = {2016},
	Year = {2016},
	Bdsk-Url-1 = {http://eprint.iacr.org/2016/889}}

@misc{praos,
	Author = {Bernardo David and Peter Ga{\v z}i and Aggelos Kiayias and Alexander Russell},
	Howpublished = {Cryptology ePrint Archive, Report 2017/573},
	Note = {\url{http://eprint.iacr.org/2017/573}. To appear at EUROCRYPT 2018.},
	Title = {Ouroboros Praos: An adaptively-secure, semi-synchronous proof-of-stake protocol},
	Year = 2017}

@inproceedings{DBLP:conf/ccs/LuuNZBGS16,
	Author = {Loi Luu and Viswesh Narayanan and Chaodong Zheng and Kunal Baweja and Seth Gilbert and Prateek Saxena},
	Bibsource = {dblp computer science bibliography, http://dblp.org},
	Biburl = {http://dblp.org/rec/bib/conf/ccs/LuuNZBGS16},
	Booktitle = {Proceedings of the 2016 {ACM} {SIGSAC} Conference on Computer and Communications Security, Vienna, Austria, October 24-28, 2016},
	Crossref = {DBLP:conf/ccs/2016},
	Date-Added = {2018-02-13 12:02:30 +0000},
	Date-Modified = {2018-02-13 12:02:30 +0000},
	Doi = {10.1145/2976749.2978389},
	Pages = {17--30},
	Timestamp = {Mon, 24 Oct 2016 18:57:12 +0200},
	Title = {A Secure Sharding Protocol For Open Blockchains},
	Url = {http://doi.acm.org/10.1145/2976749.2978389},
	Year = {2016},
	Bdsk-Url-1 = {http://doi.acm.org/10.1145/2976749.2978389},
	Bdsk-Url-2 = {https://dx.doi.org/10.1145/2976749.2978389}}

@proceedings{DBLP:conf/ccs/2016,
	Bibsource = {dblp computer science bibliography, http://dblp.org},
	Biburl = {http://dblp.org/rec/bib/conf/ccs/2016},
	Date-Added = {2018-02-13 12:02:30 +0000},
	Date-Modified = {2018-02-13 12:02:30 +0000},
	Editor = {Edgar R. Weippl and Stefan Katzenbeisser and Christopher Kruegel and Andrew C. Myers and Shai Halevi},
	Isbn = {978-1-4503-4139-4},
	Publisher = {{ACM}},
	Timestamp = {Mon, 24 Oct 2016 15:38:42 +0200},
	Title = {Proceedings of the 2016 {ACM} {SIGSAC} Conference on Computer and Communications Security, Vienna, Austria, October 24-28, 2016},
	Url = {http://dl.acm.org/citation.cfm?id=2976749},
	Year = {2016},
	Bdsk-Url-1 = {http://dl.acm.org/citation.cfm?id=2976749}}

@misc{lerner,
	Author = {Sergio Demian Lerner},
	Title = {Drivechains, Sidechains and Hybrid 2-Way Peg Designs},
	Year = {2016}}

@misc{drivechains,
	Author = {Paul Sztorc},
	Note = {\url{http://www.truthcoin.info/blog/drivechain/}},
	Title = {Drivechain - The Simple Two Way Peg},
	Year = {November 2015}}

@article{sidechains,
	Author = {Back, Adam and Corallo, Matt and Dashjr, Luke and Friedenbach, Mark and Maxwell, Gregory and Miller, Andrew and Poelstra, Andrew and Tim{\'o}n, Jorge and Wuille, Pieter},
	Note = {\url{http://www. opensciencereview. com/papers/123/enablingblockchain-innovations-with-pegged-sidechains}},
	Title = {Enabling blockchain innovations with pegged sidechains},
	Year = {2014}}

@article{bitcoin,
	Author = {Nakamoto, Satoshi},
	Title = {Bitcoin: A peer-to-peer electronic cash system},
	Year = {2008}}

@inproceedings{velvet,
	Author = {Zamyatin, Alexei and Stifter, Nicholas and Judmayer, Aljosha and Schindler, Philipp and Weippl, Edgar and Knottenbelt, William and Zamyatin, Alexei},
	Booktitle = {International Conference on Financial Cryptography and Data Security},
	Organization = {Springer},
	Title = {A Wild Velvet Fork Appears! Inclusive Blockchain Protocol Changes in Practice},
	Year = {2018}}

@misc{nipopows,
	Author = {Kiayias, Aggelos and Miller, Andrew and Zindros, Dionysis},
	Title = {Non-interactive proofs of proof-of-work},
	Year = {2017}}

@article{wood,
	Author = {Wood, Gavin},
	Journal = {Ethereum Project Yellow Paper},
	Pages = {1--32},
	Title = {Ethereum: A secure decentralised generalised transaction ledger},
	Volume = {151},
	Year = {2014}}

@article{buterin,
	Author = {Buterin, Vitalik and others},
	Journal = {white paper},
	Title = {A next-generation smart contract and decentralized application platform},
	Year = {2014}}

@article{algorand,
	Author = {Silvio Micali},
	Bibsource = {dblp computer science bibliography, http://dblp.org},
	Biburl = {http://dblp.uni-trier.de/rec/bib/journals/corr/Micali16},
	Journal = {CoRR},
	Timestamp = {Tue, 02 Aug 2016 12:59:27 +0200},
	Title = {{ALGORAND:} The Efficient and Democratic Ledger},
	Url = {http://arxiv.org/abs/1607.01341},
	Volume = {abs/1607.01341},
	Year = {2016},
	Bdsk-Url-1 = {http://arxiv.org/abs/1607.01341}}

@inproceedings{miller2014authenticated,
  title={Authenticated data structures, generically},
  author={Miller, Andrew and Hicks, Michael and Katz, Jonathan and Shi, Elaine},
  booktitle={ACM SIGPLAN Notices},
  volume={49},
  number={1},
  pages={411--423},
  year={2014},
  organization={ACM}
}

@unpublished{sidechainsformalization,
  title={A Formal Treatment of Sidechains for Proof-of-Stake Blockchains},
  author={Ga\v{z}i, Peter and Kiayias, Aggelos and Zindros, Dionysis},
  note={Unpublished manuscript},
  year={2018}
}

@misc{wood2016polkadot,
  title={Polkadot: Vision for a heterogeneous multi-chain framework},
  author={Wood, Gavin},
  year={2016},
  publisher={Github}
}

@article{ico,
  title={Interactive coin offerings},
  author={Teutsch, Jason and Buterin, Vitalik and Brown, Christopher},
  journal={URl: https://people. cs. uchicago. edu/\~{} teutsch/papers/ico. pdf (visited on 11/16/2017)},
  year={2017}
}

@article{miller2014anonymous,
  title={Anonymous byzantine consensus from moderately-hard puzzles: A model for bitcoin},
  author={Miller, Andrew and LaViola Jr, Joseph J},
  journal={Available on line: http://nakamotoinstitute. org/research/anonymous-byzantine-consensus},
  year={2014}
}

@phdthesis{buchman2016tendermint,
  title={Tendermint: Byzantine fault tolerance in the age of blockchains},
  author={Buchman, Ethan},
  year={2016}
}
